[gd_scene load_steps=5 format=2]

[ext_resource path="res://scenes/menus/pause_menu.gd" type="Script" id=1]
[ext_resource path="res://assets/fonts/title_font.tres" type="DynamicFont" id=2]
[ext_resource path="res://assets/fonts/button_font.tres" type="DynamicFont" id=3]
[ext_resource path="res://scenes/menus/options_menu.tscn" type="PackedScene" id=4]

[node name="PauseMenu" type="PopupPanel" index="0"]

pause_mode = 2
anchor_left = 0.5
anchor_top = 0.5
anchor_right = 0.5
anchor_bottom = 0.5
margin_left = -200.0
margin_top = -300.0
margin_right = 200.0
margin_bottom = 300.0
rect_pivot_offset = Vector2( 0, 0 )
rect_clip_content = false
mouse_filter = 0
mouse_default_cursor_shape = 0
size_flags_horizontal = 1
size_flags_vertical = 1
popup_exclusive = true
script = ExtResource( 1 )
_sections_unfolded = [ "Pause" ]
can_save_game = false

[node name="Container" type="VBoxContainer" parent="." index="0"]

anchor_left = 0.1
anchor_top = 0.1
anchor_right = 0.9
anchor_bottom = 0.9
rect_pivot_offset = Vector2( 0, 0 )
rect_clip_content = false
mouse_filter = 1
mouse_default_cursor_shape = 0
size_flags_horizontal = 1
size_flags_vertical = 1
alignment = 0
_sections_unfolded = [ "Anchor", "Margin" ]

[node name="Label" type="Label" parent="Container" index="0"]

anchor_left = 0.0
anchor_top = 0.0
anchor_right = 0.0
anchor_bottom = 0.0
margin_right = 320.0
margin_bottom = 58.0
rect_pivot_offset = Vector2( 0, 0 )
rect_clip_content = false
mouse_filter = 2
mouse_default_cursor_shape = 0
size_flags_horizontal = 1
size_flags_vertical = 2
custom_fonts/font = ExtResource( 2 )
custom_colors/font_color_shadow = Color( 0, 0, 0, 1 )
text = "Paused"
align = 1
percent_visible = 1.0
lines_skipped = 0
max_lines_visible = -1
_sections_unfolded = [ "Size Flags", "custom_colors", "custom_fonts" ]

[node name="Resume" type="Button" parent="Container" index="1"]

anchor_left = 0.0
anchor_top = 0.0
anchor_right = 0.0
anchor_bottom = 0.0
margin_top = 83.0
margin_right = 320.0
margin_bottom = 162.0
rect_pivot_offset = Vector2( 0, 0 )
rect_clip_content = false
focus_mode = 2
mouse_filter = 0
mouse_default_cursor_shape = 0
size_flags_horizontal = 1
size_flags_vertical = 3
custom_fonts/font = ExtResource( 2 )
toggle_mode = false
enabled_focus_mode = 2
shortcut = null
group = null
text = "Resume"
flat = false
align = 1
_sections_unfolded = [ "Size Flags", "custom_fonts" ]

[node name="Options" type="Button" parent="Container" index="2"]

anchor_left = 0.0
anchor_top = 0.0
anchor_right = 0.0
anchor_bottom = 0.0
margin_top = 166.0
margin_right = 320.0
margin_bottom = 245.0
rect_pivot_offset = Vector2( 0, 0 )
rect_clip_content = false
focus_mode = 2
mouse_filter = 0
mouse_default_cursor_shape = 0
size_flags_horizontal = 1
size_flags_vertical = 3
custom_fonts/font = ExtResource( 2 )
toggle_mode = false
enabled_focus_mode = 2
shortcut = null
group = null
text = "Options"
flat = false
align = 1
_sections_unfolded = [ "Size Flags", "custom_fonts" ]

[node name="SaveGame" type="Button" parent="Container" index="3"]

anchor_left = 0.0
anchor_top = 0.0
anchor_right = 0.0
anchor_bottom = 0.0
margin_top = 249.0
margin_right = 320.0
margin_bottom = 313.0
rect_pivot_offset = Vector2( 0, 0 )
rect_clip_content = false
focus_mode = 2
mouse_filter = 0
mouse_default_cursor_shape = 0
size_flags_horizontal = 1
size_flags_vertical = 1
custom_fonts/font = ExtResource( 2 )
toggle_mode = false
enabled_focus_mode = 2
shortcut = null
group = null
text = "Save Game"
flat = false
align = 1
_sections_unfolded = [ "Rect", "custom_fonts" ]

[node name="ExitMenu" type="Button" parent="Container" index="4"]

anchor_left = 0.0
anchor_top = 0.0
anchor_right = 0.0
anchor_bottom = 0.0
margin_top = 317.0
margin_right = 320.0
margin_bottom = 396.0
rect_pivot_offset = Vector2( 0, 0 )
rect_clip_content = false
focus_mode = 2
mouse_filter = 0
mouse_default_cursor_shape = 0
size_flags_horizontal = 1
size_flags_vertical = 3
custom_fonts/font = ExtResource( 2 )
toggle_mode = false
enabled_focus_mode = 2
shortcut = null
group = null
text = "Exit to menu"
flat = false
align = 1
_sections_unfolded = [ "Rect", "Size Flags", "custom_fonts" ]

[node name="ExitDesktop" type="Button" parent="Container" index="5"]

anchor_left = 0.0
anchor_top = 0.0
anchor_right = 0.0
anchor_bottom = 0.0
margin_top = 400.0
margin_right = 320.0
margin_bottom = 480.0
rect_pivot_offset = Vector2( 0, 0 )
rect_clip_content = false
focus_mode = 2
mouse_filter = 0
mouse_default_cursor_shape = 0
size_flags_horizontal = 1
size_flags_vertical = 3
custom_fonts/font = ExtResource( 2 )
toggle_mode = false
enabled_focus_mode = 2
shortcut = null
group = null
text = "Exit to desktop"
flat = false
align = 1
_sections_unfolded = [ "Size Flags", "custom_fonts" ]

[node name="SavegameNameInput" type="WindowDialog" parent="." index="1"]

editor/display_folded = true
visible = false
anchor_left = 0.5
anchor_top = 0.5
anchor_right = 0.5
anchor_bottom = 0.5
margin_left = -200.0
margin_top = -50.0
margin_right = 205.0
margin_bottom = 78.0
rect_pivot_offset = Vector2( 0, 0 )
rect_clip_content = false
mouse_filter = 0
mouse_default_cursor_shape = 0
size_flags_horizontal = 1
size_flags_vertical = 1
popup_exclusive = false
window_title = "Save Game"
resizable = false
_sections_unfolded = [ "Dialog", "Rect" ]

[node name="VBoxContainer" type="VBoxContainer" parent="SavegameNameInput" index="1"]

anchor_left = 0.0
anchor_top = 0.0
anchor_right = 1.0
anchor_bottom = 1.0
margin_left = 8.0
margin_top = 8.0
margin_right = -8.0
margin_bottom = -8.0
rect_pivot_offset = Vector2( 0, 0 )
rect_clip_content = false
mouse_filter = 1
mouse_default_cursor_shape = 0
size_flags_horizontal = 1
size_flags_vertical = 1
alignment = 0
_sections_unfolded = [ "Margin", "Rect" ]

[node name="Label" type="Label" parent="SavegameNameInput/VBoxContainer" index="0"]

anchor_left = 0.0
anchor_top = 0.0
anchor_right = 0.0
anchor_bottom = 0.0
margin_right = 389.0
margin_bottom = 29.0
rect_pivot_offset = Vector2( 0, 0 )
rect_clip_content = false
mouse_filter = 2
mouse_default_cursor_shape = 0
size_flags_horizontal = 1
size_flags_vertical = 4
custom_fonts/font = ExtResource( 3 )
text = "Enter savegame name:"
align = 1
percent_visible = 1.0
lines_skipped = 0
max_lines_visible = -1
_sections_unfolded = [ "custom_fonts" ]

[node name="LineEdit" type="LineEdit" parent="SavegameNameInput/VBoxContainer" index="1"]

anchor_left = 0.0
anchor_top = 0.0
anchor_right = 0.0
anchor_bottom = 0.0
margin_top = 33.0
margin_right = 389.0
margin_bottom = 72.0
rect_pivot_offset = Vector2( 0, 0 )
rect_clip_content = false
focus_mode = 2
mouse_filter = 0
mouse_default_cursor_shape = 1
size_flags_horizontal = 1
size_flags_vertical = 1
custom_fonts/font = ExtResource( 3 )
focus_mode = 2
context_menu_enabled = false
placeholder_alpha = 0.6
caret_blink = false
caret_blink_speed = 0.65
caret_position = 0
_sections_unfolded = [ "Rect" ]

[node name="Button" type="Button" parent="SavegameNameInput/VBoxContainer" index="2"]

anchor_left = 0.0
anchor_top = 0.0
anchor_right = 0.0
anchor_bottom = 0.0
margin_top = 76.0
margin_right = 389.0
margin_bottom = 111.0
rect_pivot_offset = Vector2( 0, 0 )
rect_clip_content = false
focus_mode = 2
mouse_filter = 0
mouse_default_cursor_shape = 0
size_flags_horizontal = 1
size_flags_vertical = 1
custom_fonts/font = ExtResource( 3 )
disabled = true
toggle_mode = false
enabled_focus_mode = 2
shortcut = null
group = null
text = "Save"
flat = false
align = 1
_sections_unfolded = [ "custom_fonts" ]

[node name="OverrideSave" type="ConfirmationDialog" parent="." index="2"]

visible = false
anchor_left = 0.5
anchor_top = 0.5
anchor_right = 0.5
anchor_bottom = 0.5
margin_left = -200.0
margin_top = -50.0
margin_right = 210.0
margin_bottom = 20.0
rect_min_size = Vector2( 200, 70 )
rect_pivot_offset = Vector2( 0, 0 )
rect_clip_content = false
mouse_filter = 0
mouse_default_cursor_shape = 0
size_flags_horizontal = 1
size_flags_vertical = 1
popup_exclusive = false
window_title = "Please Confirm..."
resizable = false
dialog_text = "Another save has the same name. Do you want to override it?"
dialog_hide_on_ok = true
_sections_unfolded = [ "Dialog", "Rect" ]

[node name="OptionsWindow" type="WindowDialog" parent="." index="3"]

visible = false
anchor_left = 0.5
anchor_top = 0.5
anchor_right = 0.5
anchor_bottom = 0.5
margin_left = -371.0
margin_top = -288.5
margin_right = 371.0
margin_bottom = 288.5
rect_pivot_offset = Vector2( 0, 0 )
rect_clip_content = false
mouse_filter = 0
mouse_default_cursor_shape = 0
size_flags_horizontal = 1
size_flags_vertical = 1
popup_exclusive = false
window_title = "Options"
resizable = false

[node name="MarginContainer" type="MarginContainer" parent="OptionsWindow" index="1"]

anchor_left = 0.0
anchor_top = 0.0
anchor_right = 1.0
anchor_bottom = 1.0
rect_pivot_offset = Vector2( 0, 0 )
rect_clip_content = false
mouse_filter = 0
mouse_default_cursor_shape = 0
size_flags_horizontal = 1
size_flags_vertical = 1
custom_constants/margin_right = 25
custom_constants/margin_left = 25
_sections_unfolded = [ "custom_constants" ]

[node name="OptionsMenu" parent="OptionsWindow/MarginContainer" index="0" instance=ExtResource( 4 )]

anchor_left = 0.0
anchor_top = 0.0
anchor_right = 0.0
anchor_bottom = 0.0
margin_left = 25.0
margin_right = 717.0
margin_bottom = 577.0

[connection signal="pressed" from="Container/Resume" to="." method="_on_Resume_pressed"]

[connection signal="pressed" from="Container/Options" to="." method="_on_Options_pressed"]

[connection signal="pressed" from="Container/SaveGame" to="." method="_on_SaveGame_pressed"]

[connection signal="pressed" from="Container/ExitMenu" to="." method="_on_ExitMenu_pressed"]

[connection signal="pressed" from="Container/ExitDesktop" to="." method="_on_ExitDesktop_pressed"]

[connection signal="popup_hide" from="SavegameNameInput" to="SavegameNameInput/VBoxContainer/LineEdit" method="clear"]

[connection signal="text_changed" from="SavegameNameInput/VBoxContainer/LineEdit" to="." method="_on_Savegame_LineEdit_text_changed"]

[connection signal="text_entered" from="SavegameNameInput/VBoxContainer/LineEdit" to="." method="_save_game"]

[connection signal="pressed" from="SavegameNameInput/VBoxContainer/Button" to="." method="_on_Savegame_Button_pressed"]

[connection signal="confirmed" from="OverrideSave" to="." method="_on_OverrideSave_confirmed"]

[connection signal="quit" from="OptionsWindow/MarginContainer/OptionsMenu" to="." method="_on_OptionsMenu_quit"]


